@Article{DY20.1,
  title = 	 "A determination of the deflection of light by the
		  sun's gravitaional field made during the total
		  eclipse of May 29, 1919",
  author = 	 "Dyson, F.W. and Eddington, A.S. and Davidson, C.R.",
  journal =	 "Mem. Roy. Astron. Soc.",
  year = 	 1920,
  volume =	 62,
  pages =	 291,
  url="WWw.algo.com",
  howpublished = "\url{http://www.algo.com}"
}

@InProceedings{SU93.1,
  author = 	 "Surdej, J. and Soucail, G.",
  title = 	 "Lists of accepted and proposed gravitational lens systems",
  editor =	 "Surdej, J. and Fraipont-Caro, D. and Gosset, E. and
		  Refsdal, S. and Remy, M.",
  booktitle =	 "Gravitational lenses in the Universe",
  year =	 1993,
  note =	 "Proceedings of the 31st Li\`{e}ge International
		  Astrophysical Colloquium"
}


@Article{WDGTS,
  author = 	 "",
  journal =	 "http://en.wikipedia.org/wiki/GUI\_Widget",

	title = "Widgets"}

@Article{XUL,
  author = 	 "",
  journal =	 "http://www.mozilla.org/projects/xul",

	title = "El proyecto XUL"}

@Article{YACC,
  author = 	 "",
  journal =	 "http://dinosaur.compilertools.net/yacc/index.html",
	title = "Yet another Compiler-Compiler"}

@Article{BISON,
  author = 	 "",
  journal =	 "http://www.gnu.org/software/bison",
  year = 	 1920,
        title= "Bison"}

@Article{PARSEC,
  author = 	 "",
  journal =	 "http://www.cs.uu.nl/~daan/parsec.html",
        title="Parsec"}

@Article{OQL,
  author = 	 "",
  journal =	 "http://www.odmg.org",

        title="OQL Language"}

@Article{DSLs,
  author = 	 "",
  journal =	 "http://homepages.cwi.nl/~arie/papers/dslbib",
        title="DSLs"}

@Article{seaside,

  author = 	 "",
  journal =	 "http://seaside.st/",
        title="Seaside"}

@Article{hibernate,
  author = 	 "",
  journal =	 "www.hibernate.org/",

	title="Hibernate"}

@Article{jpox,
  author = 	 "",
  journal =	 "http://www.jpox.org/",

	title="JPOX JDO"}

@Article{macros,
  author = 	 "",
  journal =	 "http://en.wikipedia.org/wiki/C\_preprocessor",

	title="Macros"}

@Article{aop,

  author = 	 "Guilherme Blanco",
  journal =	 "http://www.phpclasses.org/browse/package/3215.html",
	title="Transparent AOP "}

@Article{mvc,
  journal =	 "http://en.wikipedia.org/wiki/Model-view-controller",
	title="MVC - Model-View-Controller"}


@Article{classtable,
  journal =	 "http://www.martinfowler.com/eaaCatalog/classTableInheritance.html",
	title="Class table Inheritance"}

DB:
http://www.martinfowler.com/eaaCatalog/activeRecord.html
http://www.martinfowler.com/eaaCatalog/identityMap.html
http://www.martinfowler.com/eaaCatalog/lazyLoad.html
http://www.martinfowler.com/eaaCatalog/foreignKeyMapping.html
http://www.martinfowler.com/eaaCatalog/metadataMapping.html
http://www.martinfowler.com/eaaCatalog/queryObject.html
http://www.martinfowler.com/eaaCatalog/optimisticOfflineLock.html

Controller:
http://www.martinfowler.com/eaaCatalog/frontController.html

View:
http://www.martinfowler.com/eaaCatalog/templateView.html


ToDo:
http://www.martinfowler.com/eaaCatalog/unitOfWork.html
http://www.martinfowler.com/eaaCatalog/associationTableMapping.html


Zope, http://www.symfony-project.com/,

http://www.phpmvc.net/,

http://www.cakephp.org/,

http://seagull.phpkitchen.com/,

http://www.struts4php.org/,

http://www.mojavelinux.com/projects/studs/.

http://dev.helma.org/